%% This BibTeX bibliography file was created using BibDesk.
%% https://bibdesk.sourceforge.io/

%% Created for Tim Friedrich at 2019-07-08 16:10:21 +0200


%% Saved with string encoding Unicode (UTF-8)



@inproceedings{renz2016lak,
	Author = {Jan Renz and Daniel Hoffmann and Thomas Staubitz and Christoph Meinel},
	Booktitle = {Proceedings of the 6th International Conference on Learning Analytics and Knowledge (LAK2016)},
	Month = {0},
	Publisher = {SOLAR},
	Title = {Using A/B Testing in MOOC Environments},
	Year = {2016}}


@article{userWaitingTime,
	Author = {Fiona Fui-Hoon Nah},
	Doi = {10.1080/01449290410001669914},
	Eprint = {https://doi.org/10.1080/01449290410001669914},
	Journal = {Behaviour \& Information Technology},
	Number = {3},
	Pages = {153-163},
	Publisher = {Taylor & Francis},
	Title = {A study on tolerable waiting time: how long are Web users willing to wait?},
	Url = {https://doi.org/10.1080/01449290410001669914},
	Volume = {23},
	Year = {2004},
	Bdsk-Url-1 = {https://doi.org/10.1080/01449290410001669914}}


@inproceedings{akamaiPeer,
	Author = {Mingchen Zhao and Paarijaat Aditya and Ang Chen and Yin Lin and Andreas Haeberlen and Peter Druschel and Bruce Maggs and Bill Wishon and Miroslav Ponec},
	Booktitle = {Proceedings of the 2013 conference on Internet measurement conference Pages 31-42},
	Month = {10},
	Publisher = {ACM New York, NY, USA},
	Title = {Peer-Assisted Content Distribution in Akamai NetSession},
	Year = {2013}}

@inproceedings{w3Webrtc,
	Author = {Adam Bergkvist and Daniel C. Burnett and Cullen Jennings and Anant Narayanan and Bernard Aboba and Taylor Brandstetter and Jan-Ivar Bruaroey},
	Booktitle = {W3C Candidate Recommendation 27 September 2018},
	Month = {9},
	Publisher = {W3C},
	Title = {WebRTC 1.0: Real-time Communication Between Browsers},
	Url = {https://www.w3.org/TR/webrtc/},
	Year = {2018},
	Bdsk-Url-1 = {https://www.w3.org/TR/webrtc/}}

@inproceedings{w3ServiceWorker,
	Author = {Alex Russell and Jungkee Song and Jake Archibald and Marijn Kruisselbrink},
	Booktitle = {W3C Working Draft, 2 November 2017},
	Month = {11},
	Publisher = {W3C},
	Title = {Service Workers 1},
	Url = {https://www.w3.org/TR/service-workers-1/},
	Year = {2017},
	Bdsk-Url-1 = {https://www.w3.org/TR/service-workers-1/}}

@inproceedings{w3IndexedDB,
	Author = {Ali Alabbas and Joshua Bell},
	Booktitle = {W3C Recommendation},
	Month = {1},
	Publisher = {W3C},
	Title = {Indexed Database API 2.0},
	Url = {https://www.w3.org/TR/2018/REC-IndexedDB-2-20180130/},
	Year = {2018},
	Bdsk-Url-1 = {https://www.w3.org/TR/2018/REC-IndexedDB-2-20180130/}}

@inproceedings{w3MediaStream,
	Author = {Daniel C. Burnett and Adam Bergkvist and Cullen Jennings and Anant Narayanan and Bernard Aboba},
	Booktitle = {W3C Candidate Recommendation},
	Month = {10},
	Publisher = {W3C},
	Title = {Media Capture and Streams},
	Url = {https://www.w3.org/TR/2017/CR-mediacapture-streams-20171003/},
	Year = {2017},
	Bdsk-Url-1 = {https://www.w3.org/TR/2017/CR-mediacapture-streams-20171003/}}

@inproceedings{rfcStun,
	Author = {J. Rosenberg and J. Weinberger and C. Huitema and R. Mahy},
	Booktitle = {Network Working Group},
	Month = {3},
	Publisher = {The Internet Society},
	Title = {STUN - Simple Traversal of User Datagram Protocol (UDP) Through Network Address Translators (NATs)},
	Url = {http://www.ietf.org/rfc/rfc3489.txt},
	Year = {2003},
	Bdsk-Url-1 = {http://www.ietf.org/rfc/rfc3489.txt}}

@misc{rfc791,
	Author = {Information Sciences Institute University of Southern California},
	Month = {8},
	Publisher = {Defense Advanced Research Projects Agency},
	Title = {INTERNET PROTOCOL},
	Url = {https://tools.ietf.org/html/rfc791},
	Year = {1981}

@inproceedings{rfcWebsockets,
	Author = {I. Fette and A. Melnikov},
	Booktitle = {Request for Comments: 6455},
	Month = {12},
	Publisher = {Internet Engineering Task Force (IETF)},
	Title = {The WebSocket Protocol},
	Url = {https://tools.ietf.org/html/rfc6455},
	Year = {2011},
	Bdsk-Url-1 = {https://tools.ietf.org/html/rfc6455}}

@inproceedings{p2pBook2005,
	Author = {Tutschku, Kurt and Tran-Gia, Phuoc},
	Month = {01},
	Title = {Peer-to-Peer-Systems and Applications},
	Year = {2005}}

@book{www,
	Author = {Meinel, Christoph and Sack, Harald},
	Booktitle = {WWW},
	Date-Modified = {2019-07-08 16:08:48 +0200},
	Isbn = {978-3-642-18963-0},
	Month = {01},
	Title = {Kommunikation, Internetworking, Web-Technologien},
	Year = {2004}}

@misc{signaling_no_i_patent,
	Author = {},
	Month = {01},
	Publisher = {},
	note = {Pub. No.: US 2016/0021148A1},
	Title = {Architecture to establish serverless webrtc connections},
	Url = {https://patentimages.storage.googleapis.com/99/66/5a/c6e189e849027c/US20160021148A1.pdf},
	Year = {2016}

@misc{webrtc-security,
	title = {A Study of WebRTC Security},
  	Url = {https://webrtc-security.github.io/},
  	note = {Abgerufen: 09.09.2019}}

@misc{tobi,
	Author = {Tobias Wollowski},
	Month = {08},
	Title = {Optimierung von Web-Anwendungen für den Einsatz im Klassenzimmers},
	Year = {2019}

@misc{sonderstudie_digital,
	Author = {Initiative D21},
	note = {Pub. No.: US 2016/0021148A1},
	Title = {“Sonderstudie »Schule Digital«”. In: Sonderstudie »Schule Digital« Eine Studie der Initiative D21, durchgeführt von Kantar TNS.},
	Url = {https://initiatived21.de/app/uploads/2017/01/d21_schule_digital2016.pdf},
	Year = {2016}

@book{webrtc-book,
	Author = {Johnston, Alan B. und Burnett, Daniel C.},
	title = {WebRTC: APIs and RTCWEB Protocols of the HTML5 Real-Time Web - Second Edition},
	Year = {2013},
	Isbn = {978-0-9859788-5-3},
	Month = {06},
	Year = {2004}}

@misc{html5-rocks-signaling,
	title = {WebRTC in the real world: STUN, TURN and signaling},
  	Url = {https://www.html5rocks.com/en/tutorials/webrtc/infrastructure/#what-is-signaling},
  	note = {Abgerufen: 01.09.2019}}

@misc{sdp-standard,
	Author = {S. Nandakumar und C. Jennings},
	Month = {02},
	Publisher = {Network Working Group},
	Title = {SDP for the WebRTC},
	Url = {https://tools.ietf.org/id/draft-nandakumar-rtcweb-sdp-01.html},
	Year = {2013}

@misc{rfc-nat,
	Author = {P. Srisuresh und M. Holdrege},
	Month = {09},
	Publisher = {Network Working Group  },
	Title = {IP Network Address Translator (NAT) Terminology and Considerations},
	Url = {https://tools.ietf.org/html/rfc2663},
	Year = {1999}
	
@misc{ror-guide,
	title = {Ruby on Rails Guides (v6.0.0)},
  	Url = {https://guides.rubyonrails.org/},
  	note = {Abgerufen: 01.09.2019}}

@misc{rfc-ice,
	Author = {J. Rosenberg},
	Month = {04},
	Publisher = {Internet Engineering Task Force (IETF)},
	Title = {Interactive Connectivity Establishment (ICE): A Protocol for Network Address Translator (NAT) Traversal for Offer/Answer Protocols},
	Url = {https://tools.ietf.org/html/rfc5245},
	Year = {2010}

@misc{moz_sw,
	title = {Service Worker API},
	Url = {https://developer.mozilla.org/de/docs/Web/API/Service_Worker_API},
	note = {Abgerufen: 09.09.2019}}

@misc{chrome_sandbox,
	title = {Sandbox},
	Url = {https://chromium.googlesource.com/chromium/src/+/master/docs/design/sandbox.md},
	note = {Abgerufen: 09.09.2019}}

@misc{sub_res_integrity,
	title = {Subresource Integrity},
	Url = {https://developer.mozilla.org/en-US/docs/Web/Security/Subresource_Integrity},
	note = {Abgerufen: 09.09.2019}}

@misc{cors_std,
	title = {Cross-Origin Resource Sharing},
	Url = {https://www.w3.org/TR/cors/},
	note = {Abgerufen: 09.09.2019}}

@inproceedings{huang_chen,
	Author = {Huang, Lin-Shung und Chen, Eric Y. und Barth, Adam und Rescorla, Eric und Jackson, Collin},
	Month = {01},
	Publisher = {Carnegie Mellon University},
	Title = {Talking to Yourself for Fun and Profit},
	Year = {2011}}

@misc{rtcweb-security,
	title = {Security Considerations for WebRTC},
	Url = {https://tools.ietf.org/html/draft-ietf-rtcweb-security-05},
	note = {Abgerufen: 09.09.2019}}
@misc{rfc-datachannel,
	title = {WebRTC Data Channels},
	Url = {https://tools.ietf.org/html/draft-ietf-rtcweb-data-channel-13},
	note = {Abgerufen: 09.09.2019}}
@misc{rfc-sctp,
	title = {WebRTC Data Channels},
	Url = {https://tools.ietf.org/html/rfc4960},
	note = {Abgerufen: 09.09.2019}}
@misc{offline-pwa,
	title = {Offline Storage for Progressive Web Apps},
	Url = {https://developers.google.com/web/fundamentals/instant-and-offline/web-storage/offline-for-pwa},
	note = {Abgerufen: 10.09.2019}}
@misc{quota-api-ff,
	title = {Quota Management API : Fast Facts},
	Url = {https://developers.google.com/web/updates/2011/11/Quota-Management-API-Fast-Facts},
	note = {Abgerufen: 10.09.2019}}
@misc{statistica-datenvolumen,
	title = {Prognose zum Volumen der jährlich generierten digitalen Datenmenge weltweit in den Jahren 2018 und 2025 (in Zettabyte)},
	Url = {https://de.statista.com/statistik/daten/studie/267974/umfrage/prognose-zum-weltweit-generierten-datenvolumen/},
	note = {Abgerufen: 10.09.2019}}

@misc{redis-set,
	title = {SISMEMBER key member},
	Url = {https://redis.io/commands/sismember},
	note = {Abgerufen: 24.09.2019}}
	
@inproceedings{bmvi-bandbreite,
	Author = {atene KOM GmbH, PricewaterhouseCoopers GmbH WPG},
	Publisher = {Bundesministerium für Verkehr und digitale Infrastruktur (BMVI)},
	Title = {Aktuelle Breitbandverfügbarkeit in Deutschland(Stand Ende 2018)},
	Year = {2018}}

@misc{zero-internet-schaden,
	title = {Millionenschaden durch IT-Ausfälle in Unternehmen},
	Url = {https://www.springerprofessional.de/informationstechnik/risikomanagement/millionenschaden-durch-it-ausfaelle-in-unternehmen/15429886},
	note = {Abgerufen: 10.09.2019}}

@misc{caniuse-webrtc,
	title = {Can I use Webrtc},
	Url = {https://caniuse.com/\#feat=rtcpeerconnection},
	note = {Abgerufen: 10.09.2019}}
@misc{chrome-port-range,
	title = {Policy Settings in Chrome},
	Url = {http://dev.chromium.org/developers/how-tos/enterprise/adding-new-policies},
	note = {Abgerufen: 11.09.2019}}
@misc{spa-def,
	title = {Single Page Application},
	Url = {https://wirtschaftslexikon.gabler.de/definition/single-page-application-54485},
	note = {Abgerufen: 01.09.2019}}
@misc{google-cache-api,
	title = {Using the Cache API},
	Url = {https://developers.google.com/web/fundamentals/instant-and-offline/web-storage/cache-api},
	note = {Abgerufen: 01.09.2019}}

@misc{hls-sdt,
	title = {HTTP Live Streaming},
	Url = {https://tools.ietf.org/html/draft-pantos-http-live-streaming-23},
	note = {Abgerufen: 14.09.2019}}

@misc{edge-chrome,
	title = {Microsoft is building a Chromium-powered web browser that will replace Edge on Windows 10},
	Url = {https://www.windowscentral.com/microsoft-building-chromium-powered-web-browser-windows-10},
	note = {Abgerufen: 16.09.2019}}

@article{searchingsurvey,
	author = {Li, Xiuqi and Wu, Jie},
	year = {2005},
	month = {08},
	pages = {},
	title = {Searching Techniques in Peer-to-Peer Networks},
	journal = {Handbook on Theoretical and Algorithmic Aspects of Sensor, Ad Hoc Wireless, and Peer-to-Peer Networks},
	doi = {10.1201/9780203323687.ch37}
}
@INPROCEEDINGS{gnutella,
	author={M. {Ripeanu}},
	booktitle={Proceedings First International Conference on Peer-to-Peer Computing},
	title={Peer-to-peer architecture case study: Gnutella network},
	year={2001},
	volume={},
	number={},
	pages={99-100},
	keywords={telecommunication network routing;open systems;Internet;protocols;computer network reliability;peer-to-peer architecture;Gnutella network;open architecture;virtual network;routing mechanisms;overlay network topology;performance;reliability;scalability;crawler;topology graph;network traffic;Peer to peer computing;Computer aided software engineering;Network topology;Routing;Protocols;Telecommunication traffic;Application software;Computer architecture;Mechanical factors;Scalability},
	doi={10.1109/P2P.2001.990433},
	ISSN={},
	month={Aug}
}

@inproceedings{deepening,
author = {Yang, Beverly and Garcia-molina, Hector},
year = {2002},
month = {02},
pages = {5- 14},
title = {Improving search in peer-to-peer networks},
isbn = {0-7695-1585-1},
journal = {Proceedings - International Conference on Distributed Computing Systems},
doi = {10.1109/ICDCS.2002.1022237}
}

@inproceedings{intelligentSearch,
 author = {Kalogeraki, Vana and Gunopulos, Dimitrios and Zeinalipour-Yazti, D.},
 title = {A Local Search Mechanism for Peer-to-peer Networks},
 booktitle = {Proceedings of the Eleventh International Conference on Information and Knowledge Management},
 series = {CIKM '02},
 year = {2002},
 isbn = {1-58113-492-4},
 location = {McLean, Virginia, USA},
 pages = {300--307},
 numpages = {8},
 url = {http://doi.acm.org/10.1145/584792.584842},
 doi = {10.1145/584792.584842},
 acmid = {584842},
 publisher = {ACM},
 address = {New York, NY, USA},
 keywords = {distributed information retrieval, peer-to-peer netwroks},
}
@article{freenet,
author = {Clarke, Ian and Sandberg, Oskar and Wiley, Brandon and Hong und Theodore},
year = {2001},
month = {03},
pages = {},
title = {Freenet: A Distributed Anonymous Information Storage and Retrieval System},
volume = {2009},
journal = {Lecture Notes in Computer Science},
doi = {10.1007/3-540-44702-4_4}
}

@article{symphonie,
author = {Manku, Gurmeet and Bawa, Mayank and Raghavan, Prabhakar and Inc, Verity},
year = {2003},
month = {02},
pages = {},
title = {Symphony: Distributed Hashing in a Small World}
}
@inproceedings{chord,
author = {Stoica, Ion and Morris, Robert and Karger, David and Kaashoek, M. and Balakrishnan, Hari},
year = {2001},
month = {01},
pages = {149-160},
title = {Chord: A scalable peer-to-peer lookup service for internet applications},
volume = {149-160},
doi = {10.1145/383059.383071}
}

@inproceedings{kademlia,
author = {Maymounkov, Petar and Eres, David},
year = {2002},
month = {04},
pages = {},
title = {Kademlia: A Peer-to-peer Information System Based on the XOR Metric},
volume = {2429},
journal = {Kademlia: A Peer-to-peer Information System Based on the XOR Metric},
doi = {10.1007/3-540-45748-8_5}
}

@misc{blog-sc,
	title = {Gemeinsam stark: 120 MINT-EC-Pilotschulen},
	Url = {https://blog.schul-cloud.org/mint-ec120/},
	note = {Abgerufen: 24.09.2019}}
